@article{cai2015cognitive,
  title={Cognitive Resource Optimization for the Decomposed Cloud Gaming Platform},
  author={Cai, Wei and Chan, Henry CB and Wang, Xiaofei and Leung, Victor},
  journal={Circuits and Systems for Video Technology, IEEE Transactions on},
  volume={25},
  number={12},
  pages={2038--2051},
  year={2015},
  publisher={IEEE}
}

@inproceedings{soliman2013mobile,
  title={Mobile cloud gaming: issues and challenges},
  author={Soliman, Omar and Rezgui, Abdelmounaam and Soliman, Hamdy and Manea, Najib},
  booktitle={International Conference on Mobile Web and Information Systems},
  pages={121--128},
  year={2013},
  organization={Springer}
}

@article{shi2015survey,
  title={A Survey of Interactive Remote Rendering Systems},
  author={Shi, Shu and Hsu, Cheng-Hsin},
  journal={ACM Computing Surveys (CSUR)},
  volume={47},
  number={4},
  pages={57},
  year={2015},
  publisher={ACM}
}

@inproceedings{cai2013cognitive,
  title={A cognitive platform for mobile cloud gaming},
  author={Cai, Wei and Zhou, Conghui and Leung, Victor and Chen, Min},
  booktitle={Cloud Computing Technology and Science (CloudCom), 2013 IEEE 5th International Conference on},
  volume={1},
  pages={72--79},
  year={2013},
  organization={IEEE}
}

@inproceedings{usman2016breaking,
  title={Breaking Bricks: Evaluation of Games Delivered via Infrastructure-as-a-Service},
  author={Usman, Muhammad and Iqbal, Adnan and Kiran, Mariam},
  year={2016},
  booktitle={ACM Symposium on Cloud Computing 2016},
  organization={ACM}
}

@inproceedings{DeWinter:2006:hybridThinClient,
 author = {De Winter, D. and Simoens, P. and Deboosere, L. and De Turck, F. and Moreau, J. and Dhoedt, B. and Demeester, P.},
 title = {A Hybrid Thin-client Protocol for Multimedia Streaming and Interactive Gaming Applications},
 booktitle = {Proceedings of the 2006 International Workshop on Network and Operating Systems Support for Digital Audio and Video},
 series = {NOSSDAV '06},
 year = {2006},
 isbn = {1-59593-285-2},
 location = {Newport, Rhode Island},
 pages = {15:1--15:6},
 articleno = {15},
 numpages = {6},
 url = {http://doi.acm.org.ezproxy.brad.ac.uk/10.1145/1378191.1378210},
 doi = {10.1145/1378191.1378210},
 acmid = {1378210},
 publisher = {ACM},
 address = {New York, NY, USA},
}

@inproceedings{eisert2007remoteRendering,
  title={Remote Rendering of Computer Games.},
  author={Eisert, Peter and Fechteler, Philipp},
  booktitle={SIGMAP},
  pages={438--443},
  year={2007}
}

@inproceedings{suselbeck2009peer,
  title={Peer-to-peer support for low-latency Massively Multiplayer Online Games in the cloud},
  author={S{\"u}selbeck, Richard and Schiele, Gregor and Becker, Christian},
  booktitle={Network and Systems Support for Games (NetGames), 2009 8th Annual Workshop on},
  pages={1--2},
  year={2009},
  organization={IEEE}
}

@article{tzruya2006gamesATlarge,
  title={Games@ Large-a new platform for ubiquitous gaming and multimedia},
  author={Tzruya, Yoav and Shani, Alex and Bellotti, Francesco and Jurgelionis, Audrius},
  journal={Proc. BBEurope, Geneva, Switzerland},
  pages={11--14},
  year={2006}
}

@INPROCEEDINGS{nave2008games@large,
author={I. Nave and H. David and A. Shani and Y. Tzruya and A. Laikari and P. Eisert and P. Fechteler},
booktitle={2008 IEEE International Symposium on Consumer Electronics},
title={Games@large graphics streaming architecture},
year={2008},
pages={1-4},
keywords={computer games;computer graphics;software architecture;DirectX API;Games@Large;IPTV;Internet Cafe;PlayStation;VoD;VoIP;Xbox;bill of materials;consumer electronics;graphics streaming architecture;hardware graphics support;video method;Bills of materials;Computer architecture;Consumer electronics;Costs;Games;Graphics;Hardware;IPTV;Internet;Rendering (computer graphics)},
doi={10.1109/ISCE.2008.4559473},
ISSN={0747-668X},
month={April},}



@INPROCEEDINGS{eisert2008LanGaming,
author={P. Eisert and P. Fechteler},
booktitle={2008 15th IEEE International Conference on Image Processing},
title={Low delay streaming of computer graphics},
year={2008},
pages={2704-2707},
doi={10.1109/ICIP.2008.4712352},
ISSN={1522-4880},
month={Oct},}

@inproceedings{semsarzadeh2014video,
  title={A video encoding speed-up architecture for cloud gaming},
  author={Semsarzadeh, Mehdi and Hemmati, Mahdi and Javadtalab, Abbas and Yassine, Abdulsalam and Shirmohammadi, Shervin},
  booktitle={Multimedia and Expo Workshops (ICMEW), 2014 IEEE International Conference on},
  pages={1--6},
  year={2014},
  organization={IEEE}
}

@inproceedings{cai2014resource,
  title={Resource management for cognitive cloud gaming},
  author={Cai, Wei and Chen, Min and Zhou, Conghui and Leung, Victor and Chan, Henry},
  booktitle={Communications (ICC), 2014 IEEE International Conference on},
  pages={3456--3461},
  year={2014},
  organization={IEEE}
}

@article{tian2015achieving,
  title={On achieving cost-effective adaptive cloud gaming in geo-distributed data centers},
  author={Tian, Hao and Wu, Di and He, Jian and Xu, Yuedong and Chen, Min},
  journal={Circuits and Systems for Video Technology, IEEE Transactions on},
  volume={25},
  number={12},
  pages={2064--2077},
  year={2015},
  publisher={IEEE}
}

@inproceedings{hong2013qoe,
  title={QoE-aware virtual machine placement for cloud games},
  author={Hong, Hua-Jun and Chen, De-Yu and Huang, Chun-Ying and Chen, Kuan-Ta and Hsu, Cheng-Hsin},
  booktitle={Network and Systems Support for Games (NetGames), 2013 12th Annual Workshop on},
  pages={1--2},
  year={2013},
  organization={IEEE}
}

@inproceedings{lampe2013will,
  title={Will mobile cloud gaming work? findings on latency, energy, and cost},
  author={Lampe, Ulrich and Hans, Ronny and Steinmetz, Ralf},
  booktitle={Proc. of IEEE International Conference on Mobile Services (MSâ€™13)},
  pages={960--961},
  year={2013}
}

@article{cai2016future,
  title={The Future of Cloud Gaming [Point of View]},
  author={Cai, Wei and Shea, Ryan and Huang, Chun-Ying and Chen, Kuan-Ta and Liu, Jiangchuan and Leung, Victor CM and Hsu, Cheng-Hsin},
  journal={Proceedings of the IEEE},
  volume={104},
  number={4},
  pages={687--691},
  year={2016},
  publisher={IEEE}
}

@inproceedings{chen2014cloud,
  title={Cloud gaming onward: Research opportunities and outlook},
  author={Chen, Kuan-Ta and Huang, Chun-Ying and Hsu, Cheng-Hsin},
  booktitle={Multimedia and Expo Workshops (ICMEW), 2014 IEEE International Conference on},
  pages={1--4},
  year={2014},
  organization={IEEE}
}

@inproceedings{shi2011using,
  title={Using graphics rendering contexts to enhance the real-time video coding for mobile cloud gaming},
  author={Shi, Shu and Hsu, Cheng-Hsin and Nahrstedt, Klara and Campbell, Roy},
  booktitle={Proceedings of the 19th ACM international conference on Multimedia},
  pages={103--112},
  year={2011},
  organization={ACM}
}

@article{wu2015enabling,
  title={Enabling adaptive high-frame-rate video streaming in mobile cloud gaming applications},
  author={Wu, Jiyan and Yuen, Chau and Cheung, Ngai-Man and Chen, Junliang and Chen, Chang Wen},
  journal={Circuits and Systems for Video Technology, IEEE Transactions on},
  volume={25},
  number={12},
  pages={1988--2001},
  year={2015},
  publisher={IEEE}
}

@inproceedings{wang2009modeling,
  title={Modeling and characterizing user experience in a cloud server based mobile gaming approach},
  author={Wang, Shaoxuan and Dey, Sujit},
  booktitle={Global Telecommunications Conference, 2009. GLOBECOM 2009. IEEE},
  pages={1--7},
  year={2009},
  organization={IEEE}
}

@inproceedings{jarschel2011evaluation,
  title={An evaluation of QoE in cloud gaming based on subjective tests},
  author={Jarschel, Michael and Schlosser, Daniel and Scheuring, Sven and Ho{\ss}feld, Tobias},
  booktitle={Innovative Mobile and Internet Services in Ubiquitous Computing (IMIS), 2011 Fifth International Conference on},
  pages={330--335},
  year={2011},
  organization={IEEE}
}

@inproceedings{mungee1999design,
  title={The design and performance of a CORBA audio/video streaming service},
  author={Mungee, Sumedh and Surendran, Nagarajan and Schmidt, Douglas C},
  booktitle={Systems Sciences, 1999. HICSS-32. Proceedings of the 32nd Annual Hawaii International Conference on},
  pages={14--pp},
  year={1999},
  organization={IEEE}
}

@inproceedings{claypool2014effects,
  title={The effects of latency on player performance in cloud-based games},
  author={Claypool, Mark and Finkel, David},
  booktitle={Network and Systems Support for Games (NetGames), 2014 13th Annual Workshop on},
  pages={1--6},
  year={2014},
  organization={IEEE}
}

@inproceedings{cai2012multiplayer,
  title={Multiplayer cloud gaming system with cooperative video sharing},
  author={Cai, Wei and Leung, Victor},
  booktitle={Cloud Computing Technology and Science (CloudCom), 2012 IEEE 4th International Conference on},
  pages={640--645},
  year={2012},
  organization={IEEE}
}

@inproceedings{lee2014demo,
  title={Demo: Delorean: Using speculation to enable low-latency continuous interaction for mobile cloud gaming},
  author={Lee, Kyungmin and Chu, David and Cuervo, Eduardo and Wolman, Alec and Flinn, Jason},
  booktitle={Proceedings of the 12th annual international conference on Mobile systems, applications, and services},
  pages={347--347},
  year={2014},
  organization={ACM}
}

@article{cai2014cloudlet,
  title={A cloudlet-assisted multiplayer cloud gaming system},
  author={Cai, Wei and Leung, Victor CM and Hu, Long},
  journal={Mobile Networks and Applications},
  volume={19},
  number={2},
  pages={144--152},
  year={2014},
  publisher={Springer}
}

@inproceedings{cai2014decomposed,
  title={Decomposed cloud games: Design principles and challenges},
  author={Cai, Wei and Leung, Victor},
  booktitle={Multimedia and Expo Workshops (ICMEW), 2014 IEEE International Conference on},
  pages={1--4},
  year={2014},
  organization={IEEE}
}

@article{hong2015enabling,
  title={Enabling adaptive cloud gaming in an open-source cloud gaming platform},
  author={Hong, Hua-Jun and Hsu, Chih-Fan and Tsai, Tsung-Han and Huang, Chun-Ying and Chen, Kuan-Ta and Hsu, Cheng-Hsin},
  journal={Circuits and Systems for Video Technology, IEEE Transactions on},
  volume={25},
  number={12},
  pages={2078--2091},
  year={2015},
  publisher={IEEE}
}


@article{lee2015outatime,
  title={Outatime: Using speculation to enable low-latency continuous interaction for mobile cloud gaming},
  author={Lee, Kyungmin and Chu, David and Cuervo, Eduardo and Kopf, Johannes and Wolman, Alec and Degtyarev, Yury and Grizan, Sergey and Flinn, Jason},
  journal={GetMobile: Mobile Computing and Communications},
  volume={19},
  number={3},
  pages={14--17},
  year={2015},
  publisher={ACM}
}

%%%%%%%%%%%%%%%%%%%%%%% Previous Rerefences %%%%%%%%%%%%%%%%%%%%%%%%%%%%%%%%%%%%%%%%%%%%%%%%%%%%%%%%%


%@online{appStream,
%  title = {Amazon AppStream Developer Guide},
%  author = {Amazon},
%  howpublished = {\url{https://docs.aws.amazon.com/appstream/latest/developerguide/appstream-dg.pdf}},
%  note = {Accessed: 2015-10-12}
%}
%
%@online{aws,
%  title = {Amazon Web Services},
%  author = {Amazon},
%  howpublished = {\url{https://aws.amazon.com/}},
%  note = {Accessed: 2015-12-12}
%}


@online{appStream,
  title = {Amazon AppStream Developer Guide},
  author = {Amazon},
  howpublished = {\url{https://docs.aws.amazon.com/appstream/latest/developerguide/appstream-dg.pdf}},
  note = {Accessed: 2015-10-12}
}

%@misc{appStream,
%author = {Amazon},
%title = {{Amazon AppStream Developer Guide}},
%url = {https://docs.aws.amazon.com/appstream/latest/developerguide/appstream-dg.pdf},
%urldate = {2015-10-12}
%}

@misc{telegraph,
author = {Telegraph},
title = {{The Telegraph - Technology}},
url = {http://telegraph.co.uk/technology/2016/03/25/cloud-wars-google-amazon-and-microsoft-battle-to-own-the-future/},
urldate = {2016-06-09}
}

@misc{nvidia,
author = {NVDIA Corporation},
title = {{The Power of Cloud Gaming}},
url = {http://www.nvidia.com/object/cloud-gaming.html},
urldate = {2016-06-14}
}

@article{ojala2011developing,
  title={Developing cloud business models: A case study on cloud gaming},
  author={Ojala, Arto and Tyrvainen, Pasi},
  journal={IEEE software},
  volume={28},
  number={4},
  pages={42},
  year={2011},
  publisher={IEEE Computer Society}
}

@inproceedings{moreno2012mobile,
  title={Mobile cloud convergence in gaas: A business model proposition},
  author={Moreno, Christina and Tizon, Nicolas and Preda, Marius},
  booktitle={System Science (HICSS), 2012 45th Hawaii International Conference on},
  pages={1344--1352},
  year={2012},
  organization={IEEE}
}

@misc{gaikai,
author = {Gaikai},
title = {{Gaikai}},
url = {https://www.gaikai.com/},
urldate = {2016-06-14}
}

@misc{ahiska2012adaptive,
  title={Adaptive Application Streaming In Cloud Gaming},
  author={Ahiska, Yavuz and Ahiska, Bartu},
  year={2012},
  month=apr # "~27",
  publisher={Google Patents},
  note={US Patent App. 13/458,437}
}

@misc{kalydo,
author = {Kalydo},
title = {{Kalydo}},
url = {http://http://www.kalydo.com/},
urldate = {2015-06-09}
}

%@online{,
%  title = {},
%  author = {},
%  howpublished = {\url{}},
%  note = {Accessed: 2015-06-09}
%}

@online{dynamo,
  title = {Amazon DynamoDB},
  author = {Amazon},
  howpublished = {\url{https://aws.amazon.com/dynamodb/}},
  note = {Accessed: 2015-10-12}
}

@misc{s3,
  title = {Amazon S3},
  author = {Amazon},
  howpublished = {\url{https://aws.amazon.com/s3/}},
  note = {Accessed: 2015-10-13}
}

@misc{ec2,
  title = {Amazon EC2},
  author = {Amazon},
  url = {https://aws.amazon.com/ec2/},
  note = {Accessed: 2015-10-14}
}


@misc{rds,
  title = {Amazon RDS},
  author = {Amazon},
  url = {https://aws.amazon.com/rds/},
  note = {Accessed: 2016-02-14}
}

@online{azure,
  title = {Microsoft Azure},
  author = {Microsoft},
  url = {http://azure.microsoft.com/},
  note = {Accessed: 2015-10-15}
}

@online{rackspace,
  title = {Rackspace},
  author = {Rackspace},
  url = {http://www.rackspace.com/},
  note = {Accessed: 2015-10-16}
}


@online{onlive,
  title = {OnLive},
  author = {OnLive},
  url = {http://onlive.com/},
  note = {Accessed: 2015-11-20}
}

@article{lee2014facet,
  title={Facet analysis of video game genres},
  author={Lee, Jin Ha and Karlova, Natascha and Clarke, Rachel Ivy and Thornton, Katherine and Perti, Andrew},
  journal={iConference 2014 Proceedings},
  year={2014},
  publisher={iSchools}
}

@inproceedings{quax2013evaluation,
  title={An evaluation of the impact of game genre on user experience in cloud gaming},
  author={Quax, Peter and Beznosyk, Anastasiia and Vanmontfort, Wouter and Marx, Ronald and Lamotte, Wim},
  booktitle={Games Innovation Conference (IGIC), 2013 IEEE International},
  pages={216--221},
  year={2013},
  organization={IEEE}
}

@article{armbrust2010view,
  title={A view of cloud computing},
  author={Armbrust, Michael and Fox, Armando and Griffith, Rean and Joseph, Anthony D and Katz, Randy and Konwinski, Andy and Lee, Gunho and Patterson, David and Rabkin, Ariel and Stoica, Ion and others},
  journal={Communications of the ACM},
  volume={53},
  number={4},
  pages={50--58},
  year={2010},
  publisher={ACM}
}

@article{shea2013cloud,
  title={Cloud gaming: architecture and performance},
  author={Shea, Ryan and Liu, Jiangchuan and Ngai, Edith and Cui, Yong},
  journal={Network, IEEE},
  volume={27},
  number={4},
  pages={16--21},
  year={2013},
  publisher={IEEE}
}

@inproceedings{barboza2010simple,
  title={A simple architecture for digital games on demand using low performance resources under a cloud computing paradigm},
  author={Barboza, Diego Cordeiro and Lima, Harlley and Clua, Esteban Walter Gonzalez and Rebello, Vinod EF},
  booktitle={Games and Digital Entertainment (SBGAMES), 2010 Brazilian Symposium on},
  pages={33--39},
  year={2010},
  organization={IEEE}
}

@article{cai2014toward,
  title={Toward gaming as a service},
  author={Cai, Wei and Chen, Min and Leung, Victor},
  journal={Internet Computing, IEEE},
  volume={18},
  number={3},
  pages={12--18},
  year={2014},
  publisher={IEEE}
}

@inproceedings{cai2013next,
  title={Next generation mobile cloud gaming},
  author={Cai, Wei and Leung, Victor and Chen, Min},
  booktitle={Service Oriented System Engineering (SOSE), 2013 IEEE 7th International Symposium on},
  pages={551--560},
  year={2013},
  organization={IEEE}
}

@inproceedings{manzano2012empirical,
  title={An empirical study of cloud gaming},
  author={Manzano, Marc and Hernandez, Jose Alberto and Uruenna, M and Calle, Eusebi},
  booktitle={Proceedings of the 11th Annual Workshop on Network and Systems Support for Games},
  pages={17},
  year={2012},
  organization={IEEE Press}
}

@article{manzano2014dissecting,
  title={Dissecting the protocol and network traffic of the OnLive cloud gaming platform},
  author={Manzano, Marc and Uruena, Manuel and Su{\v{z}}njevi{\'c}, M and Calle, Eusebi and Hernandez, Jose Alberto and Matijasevic, Maja},
  journal={Multimedia systems},
  volume={20},
  number={5},
  pages={451--470},
  year={2014},
  publisher={Springer}
}

@inproceedings{gharsallaoui2014comparative,
  title={A Comparative Study on Cloud Gaming Platforms},
  author={Gharsallaoui, Rahma and Hamdi, Mohamed and Kim, Tai-Hoon},
  booktitle={Control and Automation (CA), 2014 7th Conference on},
  pages={28--32},
  year={2014},
  organization={IEEE}
}

@inproceedings{iosup2014massivizing,
  title={Massivizing online games using cloud computing: A vision},
  author={Iosup, Alexandru and Shen, Siqi and Guo, Yong and Hugtenburg, Stefan and Donkervliet, Jesse and Prodan, Radu},
  booktitle={2014 IEEE International Conference on Multimedia and Expo Workshops (ICMEW)},
  pages={1--4},
  year={2014},
  organization={IEEE}
}

@article{chuah2014cloud,
  title={Cloud gaming: a green solution to massive multiplayer online games},
  author={Chuah, Seong-Ping and Yuen, Chau and Cheung, Ngai-Man},
  journal={Wireless Communications, IEEE},
  volume={21},
  number={4},
  pages={78--87},
  year={2014},
  publisher={IEEE}
}

@article{zhang2010cloud,
  title={Cloud computing: state-of-the-art and research challenges},
  author={Zhang, Qi and Cheng, Lu and Boutaba, Raouf},
  journal={Journal of internet services and applications},
  volume={1},
  number={1},
  pages={7--18},
  year={2010},
  publisher={Springer}
}

@article{wang2012cloud,
  title={Cloud mobile gaming: modeling and measuring user experience in mobile wireless networks},
  author={Wang, Shaoxuan and Dey, Sujit},
  journal={ACM SIGMOBILE Mobile Computing and Communications Review},
  volume={16},
  number={1},
  pages={10--21},
  year={2012},
  publisher={ACM}
}

@article{domenico2014evaluation,
  title={An evaluation of the impact of multimodal feedback on interaction performance and experience in mobile gaming},
  author={Domenico, A Di},
  year={2014}
}

@inproceedings{lee2012all,
  title={Are all games equally cloud-gaming-friendly? an electromyographic approach},
  author={Lee, Yeng-Ting and Chen, Kuan-Ta and Su, Han-I and Lei, Chin-Laung},
  booktitle={Network and Systems Support for Games (NetGames), 2012 11th Annual Workshop on},
  pages={1--6},
  year={2012},
  organization={IEEE}
}

@inproceedings{barboza2010simple,
  title={A simple architecture for digital games on demand using low performance resources under a cloud computing paradigm},
  author={Barboza, Diego Cordeiro and Lima, Harlley and Clua, Esteban Walter Gonzalez and Rebello, Vinod EF},
  booktitle={Games and Digital Entertainment (SBGAMES), 2010 Brazilian Symposium on},
  pages={33--39},
  year={2010},
  organization={IEEE}
}

@inproceedings{suznjevic2014towards,
  title={Towards understanding the relationship between game type and network traffic for cloud gaming},
  author={Suznjevic, Mirko and Beyer, Justus and Skorin-Kapov, Lea and Moller, Sebastian and Sorsa, Nikola},
  booktitle={Multimedia and Expo Workshops (ICMEW), 2014 IEEE International Conference on},
  pages={1--6},
  year={2014},
  organization={IEEE}
}

@article{lee2014facet,
  title={Facet analysis of video game genres},
  author={Lee, Jin Ha and Karlova, Natascha and Clarke, Rachel Ivy and Thornton, Katherine and Perti, Andrew},
  journal={iConference 2014 Proceedings},
  year={2014},
  publisher={iSchools}
}

@inproceedings{huang2013gaminganywhere,
  title={GamingAnywhere: an open-source cloud gaming testbed},
  author={Huang, Chun-Ying and Chen, De-Yu and Hsu, Cheng-Hsin and Chen, Kuan-Ta},
  booktitle={Proceedings of the 21st ACM international conference on Multimedia},
  pages={827--830},
  year={2013},
  organization={ACM}
}

@inproceedings{claypool2009motion,
  title={Motion and scene complexity for streaming video games},
  author={Claypool, Mark},
  booktitle={Proceedings of the 4th International Conference on Foundations of Digital Games},
  pages={34--41},
  year={2009},
  organization={ACM}
}

@article{huang2014gaminganywhere,
  title={GamingAnywhere: The first open source cloud gaming system},
  author={Huang, Chun-Ying and Chen, Kuan-Ta and Chen, De-Yu and Hsu, Hwai-Jung and Hsu, Cheng-Hsin},
  journal={ACM Transactions on Multimedia Computing, Communications, and Applications (TOMM)},
  volume={10},
  number={1s},
  pages={10},
  year={2014},
  publisher={ACM}
}

@online{awsGaming,
  title = {Amazon Web Services{AWS Gaming}},
  author = {Amazon web services},
  howpublished = {\url{https://aws.amazon.com/gaming/}},
  note = {Accessed: 2015-10-14}
}
